@Book{harkins2011basics,
  title = "Basics typography 02: Using type",
  author = "Harkins, Michael",
  year = "2011",
  edition = "1",
  address = "Singapore",
  publisher = " AVA Publishing",
  isbn = "978-2-940411-55-9"
}

@Book{typography_fundamentals,
  title = "The Fundamentals of Typography",
  author = "Gavin Ambrose and Paul Harris",
  year = "2006",
  edition = "1",
  address = "Singapore",
  publisher = " AVA Publishing",
  isbn = "978-2-940373-45-1"
}

@Article{tex_history,
  title = "Powerful Research Documentation Software LaTeX",
  author = "Sivagaminathan Ganesan",
  journal = "International Journal of Computer Science and Information Technologies",
  number = "3",
  pages = "4182--4184",
  year = "2012",
  ISSN = "0975--9646",
}

@Mastersthesis{diplomka_online_editory,
    author = "Miroslav Sokol",
    type = "Diplomová práce",
    title = "Online LaTeX editor",
    school = "Vysoké učení technické v Brně, Fakulta informačních technologií",
    year = 2012,
}

@Mastersthesis{diplomka_latex,
    author = "Antonín Kyselák",
    type = "Diplomová práce",
    title = "Revizní systém pro LaTeX",
    school = "Vysoké učení technické v Brně, Fakulta informačních technologií",
    year = 2012,
}

@Misc{latex_example_editors,
    title = "12 Best LaTeX Editors You Should Use",
    author = "Srikanth AN",
    howpublished = "online",
    revised = "rev. 27. decembra 2021",
    cited = "2022-04-18",
    url = "https://beebom.com/best-latex-editors/",
}

@Misc{martinek_latex,
    author = "Martinek David",
    title = "\LaTeX ové speciality",
    howpublished = "online",
    revised = "rev. 25. februára 2010",
    cited = "2022-04-18",
    url = "http://www.fit.vutbr.cz/~martinek/latex/index.html",
}

@Misc{typho_rules,
    author = "Igor Ovsyannykov",
    title = "20 Typography Rules Every Designer Should Know",
    howpublished = "online",
    revised = "rev. 25. mája 2021",
    cited = "2022-04-18",
    url = "https://creativemarket.com/blog/typography-rules",
}

@Article{bib,
  title = "Managing bibliographies with \LaTeX",
  author = "Lapo F. Mori",
  journal= "Communications Of The Tex Users Group Eeditor Barbara Beeton",
  pages="36--48",
  year="2009",
  number = "1",
  volume = "30",
  ISSN = "0896-3207",
}

@Article{classification,
  title={Text classification algorithms: A survey},
  author={Kowsari, Kamran and Jafari Meimandi, Kiana and Heidarysafa, Mojtaba and Mendu, Sanjana and Barnes, Laura and Brown, Donald},
  journal="Information",
  volume="10",
  number="4",
  pages="150",
  year="2019",
  issn = "2078-2489"
}
